@Book{typografia,
  author = 	 {Robert Chwałkowski},
  title = 	 {Typografia typowej książki},
  publisher = 	 {Helion},
  year = 	 {2002},
}
